
@article{payne_estimation_2013,
	title = {Estimation of mango crop yield using image analysis â€“ {Segmentation} method},
	volume = {91},
	issn = {01681699},
	url = {https://linkinghub.elsevier.com/retrieve/pii/S0168169912002669},
	doi = {10.1016/j.compag.2012.11.009},
	language = {en},
	urldate = {2019-03-05},
	journal = {Computers and Electronics in Agriculture},
	author = {Payne, A.B. and Walsh, K.B. and Subedi, P.P. and Jarvis, D.},
	month = feb,
	year = {2013},
	pages = {57--64}
}
